<record><leader>00000cas a22000007a 4500</leader><controlfield tag="001">12898098</controlfield><controlfield tag="008">851212d186618uumsudn ne      0    0eng d</controlfield><datafield ind1=" " ind2=" " tag="010"><subfield code="a">sn 85034491 </subfield></datafield><datafield ind1=" " ind2=" " tag="040"><subfield code="a">NPU</subfield><subfield code="b">eng</subfield><subfield code="c">NPU</subfield><subfield code="d">PPM</subfield><subfield code="d">MSJ</subfield><subfield code="d">DLC</subfield><subfield code="d">OCL</subfield><subfield code="d">DLC</subfield><subfield code="d">MSJ</subfield><subfield code="d">LNP</subfield><subfield code="d">CRL</subfield><subfield code="d">CNK</subfield><subfield code="d">NVK</subfield><subfield code="d">OCLCQ</subfield><subfield code="d">OCLCF</subfield><subfield code="d">OCLCO</subfield></datafield><datafield ind1=" " ind2=" " tag="019"><subfield code="a">15233359</subfield></datafield><datafield ind1="1" ind2=" " tag="029"><subfield code="a">AU@</subfield><subfield code="b">000024693272</subfield></datafield><datafield ind1=" " ind2=" " tag="042"><subfield code="a">msc</subfield></datafield><datafield ind1=" " ind2=" " tag="043"><subfield code="a">n-us-ms</subfield></datafield><datafield ind1="0" ind2=" " tag="130"><subfield code="a">Vicksburg daily times (Vicksburg, Miss.)</subfield></datafield><datafield ind1="0" ind2="4" tag="245"><subfield code="a">The Vicksburg daily times.</subfield></datafield><datafield ind1="3" ind2="0" tag="246"><subfield code="a">Vicksburg daily times and Republican</subfield></datafield><datafield ind1="3" ind2="0" tag="246"><subfield code="a">Sunday times</subfield></datafield><datafield ind1="3" ind2="0" tag="246"><subfield code="a">Vicksburg Sunday times</subfield></datafield><datafield ind1=" " ind2=" " tag="260"><subfield code="a">Vicksburg, Miss. :</subfield><subfield code="b">Manlove &amp; Shannon,</subfield><subfield code="c">1866-</subfield></datafield><datafield ind1=" " ind2=" " tag="300"><subfield code="a">v. ;</subfield><subfield code="c">61 cm.</subfield></datafield><datafield ind1=" " ind2=" " tag="310"><subfield code="a">Daily (except Mon.)</subfield></datafield><datafield ind1="0" ind2=" " tag="362"><subfield code="a">Vol. 1, no. 1 (Jun. 19, 1866)-</subfield></datafield><datafield ind1=" " ind2=" " tag="500"><subfield code="a">Also published as: Vicksburg daily times and Republican, Mar. 29, 1870-&lt;July 7, 1870&gt;.</subfield></datafield><datafield ind1=" " ind2=" " tag="500"><subfield code="a">Sunday ed. called: The Sunday times, and: Vicksburg Sunday times.</subfield></datafield><datafield ind1=" " ind2=" " tag="530"><subfield code="a">Available on microfilm from Bell &amp; Howell.</subfield></datafield><datafield ind1=" " ind2=" " tag="580"><subfield code="a">Issued also in a weekly ed. called: Vicksburg weekly times; and: Vicksburg weekly times and republican.</subfield></datafield><datafield ind1=" " ind2="0" tag="651"><subfield code="a">Vicksburg (Miss.)</subfield><subfield code="v">Newspapers.</subfield></datafield><datafield ind1=" " ind2="7" tag="655"><subfield code="a">Newspapers.</subfield><subfield code="2">fast</subfield><subfield code="0">(OCoLC)fst01423814</subfield></datafield><datafield ind1=" " ind2="7" tag="651"><subfield code="a">Mississippi</subfield><subfield code="z">Vicksburg.</subfield><subfield code="2">fast</subfield><subfield code="0">(OCoLC)fst01204951</subfield></datafield><datafield ind1=" " ind2=" " tag="752"><subfield code="a">United States</subfield><subfield code="b">Mississippi</subfield><subfield code="c">Warren</subfield><subfield code="d">Vicksburg.</subfield></datafield><datafield ind1="1" ind2=" " tag="775"><subfield code="t">Vicksburg weekly times</subfield><subfield code="w">(DLC)sn 87090154</subfield></datafield></record>